@MISC{ref_git,
title = "git",
year = "2013",
month = "sep",
howpublished ="\url{http://git-scm.com/}",
}

@MISC{ref_vagrant,
title = "Vagrant",
author = "HashiCorp",
year = "2013",
month = "sep",
howpublished ="\url{http://www.vagrantup.com/}",
}

@MISC{ref_openstack,
title = "OpenStack",
author = "The Openstack Foundation",
year = "2013",
month = "sep",
howpublished ="\url{http://www.openstack.org/}",
}

@MISC{ref_python,
title = "Python",
author = "Python Software Foundation",
year = "2013",
month = "sep",
howpublished ="\url{http://python.org}",
}

@MISC{ref_gevent,
title = "gevent",
year = "2013",
author = "Denis Bilenko",
month = "sep",
howpublished ="\url{http://gevent.org}",
}

@MISC{ref_scala,
title = "Scala",
author = "$\acute{E}$cole Polytechnique F$\acute{e}$d$\acute{e}$rale de Lausanne",
year = "2013",
month= "sep",
howpublished ="\url{http://scala-lang.org}",
}

@MISC{ref_akka,
title = "akka",
author = "Typesafe. Inc.",
year = "2013",
month= "sep",
howpublished ="\url{http://akka.io}",
}

@MISC{ref_zmq,
title = "$\varnothing${MQ}",
author = "iMatix Corporation",
year = "2013",
month= "sep",
howpublished ="\url{http://zeromq.org/}",
}

@MISC{ref_protobuf,
title = "Protocol Buffers",
author = "Google Inc",
year = "2013",
month= "sep",
howpublished ="\url{https://developers.google.com/protocol-buffers/}",
}

@MISC{ref_postgres,
title = "PostgreSQL",
author = "The PostgreSQL Global Development Group ",
year = "2013",
month= "sep",
howpublished ="\url{http://www.postgresql.org/}",
}

@MISC{ref_sqlalchemy,
title = "SQLAlchemy",
author = " Michael Bayer",
year = "2013",
month= "sep",
howpublished ="\url{http://www.sqlalchemy.org/}",
}

@MISC{ref_slick,
title = "Slick",
author = "Typesafe. Inc.",
year = "2013",
month= "sep",
howpublished ="\url{http://slick.typesafe.com/}",
}

@MISC{ref_android_versions,
title = "Android Dashboards",
author = "Google Inc.",
year = "2014",
month= "jan",
howpublished ="\url{http://developer.android.com/about/dashboards/index.html}",
}


@MISC{ref_html5_1,
title = "HTML5 ROCKS",
author = "Google Inc.",
year = "2014",
month= "jan",
howpublished ="\url{http://www.html5rocks.com/en/}",
}

@MISC{ref_html5_2,
title = "{A vocabulary and associated APIs for HTML and XHTML}",
author = "	{Robin Berjon} and 
			{Steve Faulkner} and
			{Travis Leithead} and
			{Erika Doyle Navara} and
			{Edward O'Connor} and
			{Silvia Pfeiffer} and
			{Ian Hickson}",
year = "2013",
month= "aug",
howpublished ="\url{http://www.w3.org/TR/2013/CR-html5-20130806/}",
}

@MISC{ref_websocket,
title = "WebSocket.org",
author = "Kaazing Corporation",
year = "2013",
month= "oct",
howpublished ="\url{http://www.websocket.org/}",
}

@MISC{ref_flask,
title = "Flask",
author = "Armin Ronacher",
year = "2013",
month= "sep",
howpublished ="\url{http://flask.pocoo.org/}",
}

@MISC{ref_jinja2,
title = "Jinja",
author = "Armin Ronacher",
year = "2013",
month= "oct",
howpublished ="\url{http://jinja.pocoo.org/}",
}

@MISC{ref_bootstrap,
title = "Bootstrap",
author = "Mark Otto and Jacob Thornton and Chris Rebert and Julian Thilo",
year = "2013",
month= "sep",
howpublished ="\url{http://getbootstrap.com/}",
}

@MISC{ref_alembic,
title = "Welcome to Alembic's documentation!",
author = "Mike Bayer",
year = "2013",
month= "sep",
howpublished ="\url{http://alembic.readthedocs.org/en/latest/index.html}",
}


%examples

@MISC{ref_,
title = "",
author = "",
year = "",
month= "",
howpublished ="\url{}",
}

%fields, the ones marked as comments are not neccessary
@misc{Xmisc,
    %author    = "",
    %title     = "",
    %howpublished = "",
    %year     = "XXXX",
    %month    = "",
    %note     = "",
}

% \cite{ref_git}
% \cite{ref_vagrant}
% \cite{ref_openstack}
% \cite{ref_python}
% \cite{ref_gevent}
% \cite{ref_scala}
% \cite{ref_akka}
% \cite{ref_zmq}
% \cite{ref_protobuf}
% \cite{ref_postgres}
% \cite{ref_sqlalchemy}
% \cite{ref_slick}
% \cite{ref_alembic}
% \cite{ref_android_versions}
% \cite{ref_html5_1}
% \cite{ref_html5_2}
% \cite{ref_websocket}
% \cite{ref_flask}
% \cite{ref_jinja2}
% \cite{ref_bootstrap}